@inproceedings{Peiris_thermoVR,
	Acmid = {3025824},
	Author = {Peiris, R. L. and Peng, W. and Chen, Z. and Chan, L. and Minamizawa, K.},
	Booktitle = {CHI~'17},
    publisher = {ACM},
	Date-Modified = {2018-05-15 13:31:13 +0000},
	Doi = {10.1145/3025453.3025824},
	Isbn = {978-1-4503-4655-9},
	Year = {2017},
	Keywords = {head mounted display, thermal display, thermal haptics},
	Location = {Denver, Colorado, USA},
	Title = {ThermoVR: Exploring Integrated Thermal Haptic Feedback with Head Mounted Displays},
	Url = {http://doi.acm.org/10.1145/3025453.3025824},
	Bdsk-Url-1 = {http://doi.acm.org/10.1145/3025453.3025824},
	Bdsk-Url-2 = {https://doi.org/10.1145/3025453.3025824}}

@inproceedings{Halvey_thermalFeedback,
	Acmid = {2207779},
	Author = {Halvey, M. and Wilson, G. and Brewster, S. and Hughes, S.},
	Booktitle = {CHI~'12},
    publisher = {ACM},
	Date-Modified = {2018-05-15 13:27:23 +0000},
	Doi = {10.1145/2207676.2207779},
	Isbn = {978-1-4503-1015-4},
	Keywords = {ambient, environment, humidity, mobile interaction, non-visual feedback, temperature, thermal feedback},
	Location = {Austin, Texas, USA},
	Title = {"Baby It's Cold Outside": The Influence of Ambient Temperature and Humidity on Thermal Feedback},
	Year = {2012},
	Bdsk-Url-1 = {http://doi.acm.org/10.1145/2207676.2207779},
	Bdsk-Url-2 = {https://doi.org/10.1145/2207676.2207779}}

@inproceedings{Kaul_HapticHead,
	Acmid = {2892355},
	Author = {Kaul, O. and Rohs, M.},
	Booktitle = {CHI~EA~'16},
	Date-Modified = {2018-05-15 13:28:56 +0000},
	Doi = {10.1145/2851581.2892355},
	Isbn = {978-1-4503-4082-3},
	Keywords = {augmented reality, games, guidance, haptic feedback, immersion, navigation, vibrotactile, virtual reality},
	Location = {San Jose, California, USA},
	Publisher = {ACM},
	Title = {HapticHead: 3D Guidance and Target Acquisition Through a Vibrotactile Grid},
	Year = {2016},
	Bdsk-Url-1 = {http://doi.acm.org/10.1145/2851581.2892355},
	Bdsk-Url-2 = {https://doi.org/10.1145/2851581.2892355}}

@inproceedings{Rantala_HapticGlasses,
	Acmid = {2581163},
	Address = {New York, NY, USA},
	Author = {Rantala, Jussi and Kangas, Jari and Akkil, Deepak and Isokoski, Poika and Raisamo, Roope},
	Booktitle = {CHI '14 Extended Abstracts on Human Factors in Computing Systems},
	Doi = {10.1145/2559206.2581163},
	Isbn = {978-1-4503-2474-8},
	Keywords = {gaze gestures, gaze input, haptics, vibrotactile feedback, wearable computing},
	Location = {Toronto, Ontario, Canada},
	Numpages = {6},
	Pages = {1597--1602},
	Publisher = {ACM},
	Series = {CHI EA '14},
	Title = {Glasses with Haptic Feedback of Gaze Gestures},
	Url = {http://doi.acm.org/10.1145/2559206.2581163},
	Year = {2014},
	Bdsk-Url-1 = {http://doi.acm.org/10.1145/2559206.2581163},
	Bdsk-Url-2 = {https://doi.org/10.1145/2559206.2581163}}

@inproceedings{Taraldsen_UnderwaterGPS,
	Author = {G. Taraldsen and T. A. Reinen and T. Berg},
	Booktitle = {OCEANS~2011},
	Date-Modified = {2018-05-15 13:32:26 +0000},
	Doi = {10.1109/Oceans-Spain.2011.6003649},
	Keywords = {Global Positioning System;maximum likelihood estimation;underwater sound;DOP;Global Positioning System;IEEE 802.15 standard;ISO-IEC 24730 standard;UPS;Underwater Positioning Systems;acoustic waves;acoustically-based systems;dilution-of-precision;electromagnetic signals;location information underwater;maximum likelihood estimator;optimal estimator;orbiting satellites;position estimates;real time locating systems;statistical models;time information underwater;unbiased estimator;underwater GPS problem;underwater communication systems;wireless personal area networks;Accuracy;Equations;Global Positioning System;Mathematical model;Maximum likelihood estimation;Uncertainty;Uninterruptible power systems},
	Title = {The underwater GPS problem},
	Year = {2011},
	Bdsk-Url-1 = {https://doi.org/10.1109/Oceans-Spain.2011.6003649}}

@inproceedings{Rossi_Performance,
	Author = {A. Rossi and M. Pasquali and M. Pastore},
	Booktitle = {DGON Inertial Sensors and Systems (ISS)},
	Date-Modified = {2018-05-15 13:31:51 +0000},
	Doi = {10.1109/InertialSensors.2014.7049481},
	Keywords = {Doppler measurement;Global Positioning System;calibration;inertial navigation;marine navigation;radio receivers;sensor fusion;underwater vehicles;DVL autocalibration algorithm;Doppler velocity log;GNSS receiver;inertial navigation algorithm;performance analysis;sensor data fusion;underwater navigation;underwater vehicle;Calibration;Data models;Global Positioning System;Inertial navigation;Sensors;Underwater vehicles},
	Title = {Performance analysis of an inertial navigation algorithm with DVL auto-calibration for underwater vehicle},
	Year = {2014},
	Bdsk-Url-1 = {https://doi.org/10.1109/InertialSensors.2014.7049481}}

@inproceedings{Blum_underwaterAR,
	Author = {Blum, L. and Broll, W. and M\"{u}ller, S.},
	Booktitle = {SIGGRAPH '09: Posters},
    publisher = {ACM},
	Doi = {10.1145/1599301.1599398},
	Title = {Augmented Reality Under Water},
	Year = {2009}
}

@article{Chacin_Irukatact,
	Author = {Chacin, A. C. and Oozu, T.},
	Date-Modified = {2018-05-15 13:25:05 +0000},
	Doi = {10.1145/2991899},
	Issn = {1072-5520},
	Journal = {interactions},
	Number = {6},
	Title = {IrukaTact},
	Url = {http://doi.acm.org/10.1145/2991899},
	Volume = {23},
	Year = {2016},
	Bdsk-Url-1 = {http://doi.acm.org/10.1145/2991899},
	Bdsk-Url-2 = {https://doi.org/10.1145/2991899}}

@article{Weiser:1993:CSI:159544.159617,
	Acmid = {159617},
	Address = {New York, NY, USA},
	Author = {Weiser, M.},
	Doi = {10.1145/159544.159617},
	Issn = {0001-0782},
	Issue_Date = {July 1993},
    Year = {1993},
	Journal = {Commun. ACM},
	Keywords = {ubiquitous computing},
	Month = jul,
	Number = {7},
	Numpages = {10},
	Pages = {75--84},
	Publisher = {ACM},
	Title = {Some Computer Science Issues in Ubiquitous Computing},
	Url = {http://doi.acm.org/10.1145/159544.159617},
	Volume = {36},
	Bdsk-Url-1 = {http://doi.acm.org/10.1145/159544.159617},
	Bdsk-Url-2 = {https://doi.org/10.1145/159544.159617}}

@inproceedings{Wilson:2011:LHT:1978942.1979316,
	Acmid = {1979316},
	Author = {Wilson, G. and Halvey, M. and Brewster, S. A. and Hughes, S. A.},
	Booktitle = {CHI~'11},
	Date-Modified = {2018-05-15 13:32:55 +0000},
	Doi = {10.1145/1978942.1979316},
	Isbn = {978-1-4503-0228-9},
	Keywords = {mobile interaction, non-visual feedback, thermal feedback},
	Location = {Vancouver, BC, Canada},
	Title = {Some Like It Hot: Thermal Feedback for Mobile Devices},
	Url = {http://doi.acm.org/10.1145/1978942.1979316},
	Year = {2011},
	Bdsk-Url-1 = {http://doi.acm.org/10.1145/1978942.1979316},
	Bdsk-Url-2 = {https://doi.org/10.1145/1978942.1979316}}

@article{hirosawa,
	Author = {I. Hirosawa and H. Dodo and M. Hosokawa and S.. Watanabe and K. Nishiyama and Y. Fukuchi},
	Date-Modified = {2018-05-15 13:27:47 +0000},
	Doi = {10.3109/00207458409089817},
	Journal = {International Journal of Neuroscience},
	Number = {3-4},
	Publisher = {Taylor & Francis},
	Title = {Physiological Variations of Warm and Cool Sense with Shift of Environmental},
	Volume = {24},
	Year = {1984},
	Bdsk-Url-1 = {https://doi.org/10.3109/00207458409089817}}

@article{givoni,
	Author = {B. Givoni and J. Khedari and N.H. Wong and H. Feriadi and M. Noguchi},
	Date-Modified = {2018-05-15 13:25:56 +0000},
	Doi = {10.1080/09613210600861269},
	Journal = {Building Research \& Information},
	Number = {5},
	Publisher = {Routledge},
	Title = {Thermal sensation responses in hot, humid climates: effects of humidity},
	Volume = {34},
	Year = {2006},
	Bdsk-Url-1 = {https://doi.org/10.1080/09613210600861269}}

@inproceedings{bosman,
	Author = {Bosman, S. and Groenendaal, B. and Findlater, J. W. and Visser, T. and de Graaf, M. and Markopoulos, P.},
	Booktitle = {MobileHCI~'03},
	Date-Modified = {2018-05-15 13:22:48 +0000},
	Doi = {10.1007/978-3-540-45233-1_28},
	Isbn = {978-3-540-45233-1},
	Title = {GentleGuide: An Exploration of Haptic Output for Indoors Pedestrian Guidance},
	Year = {2003}}

@article{loomis,
	Author = {J. M. Loomis and R. G. Golledge and R. L. Klatzky},
	Date-Modified = {2018-05-15 13:30:29 +0000},
	Doi = {10.1162/105474698565677},
	Eprint = {https://doi.org/10.1162/105474698565677},
	Journal = {Presence: Teleoperators and Virtual Environments},
	Number = {2},
	Title = {Navigation System for the Blind: Auditory Display Modes and Guidance},
	Url = {https://doi.org/10.1162/105474698565677},
	Volume = {7},
	Year = {1998},
	Bdsk-Url-1 = {https://doi.org/10.1162/105474698565677}}

@misc{glon,
	Author = {Ronan Glon and Miles Branman},
	Note = {\url{	https://www.digitaltrends.com/cars/best-head-up-displays/}},
	Title = {The best head-up displays (HUDs) for your car},
	Year = 2018}

@misc{waterlinked,
	Author = {WaterLinked},
	Note = {\url{	https://waterlinked.com/products/}},
	Title = {Underwater GPS Explorer Kit},
	Year = 2018}

@misc{navdive,
	Author = {Kelly Nehowig},
	Note = {\url{	https://www.kickstarter.com/projects/1889195857/navdive-gps-based-navigation-for-scuba-divers/?ref=kicktraq}},
	Title = {NavDive -- GPS-based navigation for SCUBA divers},
	Year = 2014}

@misc{meyer,
	Author = {Robinson Meyer},
	Note = {\url{	https://www.theatlantic.com/technology/archive/2016/06/its-gps-underwater-for-robots/486656/}},
	Title = {GPS Doesn't Work Underwater},
	Year = 2016}

@misc{mckenzie,
	Author = {John McKenzie},
	Note = {\url{	http://scubagadget.com/navimate-claims-to-have-underwater-gps-but-then-shows-how-good-they-can-fin-backwards-dema-2009-product-announcements/}},
	Title = {Navimate ``claims'' to have Underwater GPS but then shows how good they can fin backwards. (DEMA 2009 product announcements)},
	Year = 2009}

@misc{navimate,
	Author = {Shb Instruments, Inc.},
	Note = {\url{	https://www.navimate.com/}},
	Title = {Navimate - GPS for Divers},
	Year = 2009}

@misc{ariadna,
	Author = {Ariadna Tech, Inc.},
	Note = {\url{	https://www.ariadna.tech/}},
	Title = {Ariadna - Empowering Divers with Underwater Navigation},
	Year = 2016}

@misc{scuba,
	Author = {Scuba World news},
	Note = {\url{	https://scubaworld.com/scubanews/gps-based-underwater-navigation-technology-for-divers}},
	Title = {GPS-based Underwater Navigation Technology},
	Year = 2016}

@misc{scubus,
	Author = {N. Smith, B. Andrick, A. L.},
	Note = {\url{https://snorkelaroundtheworld.com/2015/05/smart-scuba-diving-mask/}},
	Title = {Scubus S - GPS-based Underwater Navigation Technology},
	Year = 2015}
	
@misc{gps,
	Author = {Tarun Agarwal},
	Note = {\url{https://www.elprocus.com/how-gps-system-works/}},
	Title = {How GPS works}}

	https://www.elprocus.com/how-gps-system-works/

@inproceedings{Halvey:2012:BCO:2207676.2207779,
 author = {Halvey, Martin and Wilson, Graham and Brewster, Stephen and Hughes, Stephen},
 title = {"Baby It's Cold Outside": The Influence of Ambient Temperature and Humidity on Thermal Feedback},
 booktitle = {Proceedings of the SIGCHI Conference on Human Factors in Computing Systems},
 series = {CHI '12},
 year = {2012},
 isbn = {978-1-4503-1015-4},
 location = {Austin, Texas, USA},
 pages = {715--724},
 numpages = {10},
 url = {http://doi.acm.org/10.1145/2207676.2207779},
 doi = {10.1145/2207676.2207779},
 acmid = {2207779},
 publisher = {ACM},
 address = {New York, NY, USA},
 keywords = {ambient, environment, humidity, mobile interaction, non-visual feedback, temperature, thermal feedback},
} 

@inproceedings{Kiss:2018:NSM:3173574.3174191,
	Acmid = {3174191},
	Author = {Kiss, F. and Boldt, R. and Pfleging, B. and Schneegass, S.},
	Booktitle = {CHI~'18},
	Date-Modified = {2018-05-15 13:30:05 +0000},
	Year = 2018,
	Doi = {10.1145/3173574.3174191},
	Isbn = {978-1-4503-5620-6},
	Keywords = {motorcycle navigation, real world evaluations, tactile feedback},
	Location = {Montreal QC, Canada},
	Title = {Navigation Systems for Motorcyclists: Exploring Wearable Tactile Feedback for Route Guidance in the Real World},
    publisher = {ACM}, 
	Bdsk-Url-1 = {http://doi.acm.org/10.1145/3173574.3174191},
	Bdsk-Url-2 = {https://doi.org/10.1145/3173574.3174191}}

